@video{video,
title={Fallforebygging, noen brukerhistorier},
author={},
url={https://www.youtube.com/embed/mvxbaltxuWU}
}


@article{heuristics, 
title={New Heuristics for Understanding Older Adults as Web Users},
author={Chisnell, D., E. and Redish, J., C.  and Lee, A.},

}


@website{git,
title={},
author={},
url={https://git-scm.com}}

@website{sintef,
title={},
author={},
url={http://www.sintef.no/en/about-us/this-is-sintef/?id=229075}
}

@website{adapt,
title={Adapt},
author={},
url={https://www.sintef.no/projectweb/velferdsteknologi/prosjekter/fall/adapt/}
}

@website{fallforebygging,
title={Fallforebygging},
author={},
url={www.fallforebygging.no}
}

@website{course,
title={IT2901},
author={NTNU},
url={http://www.ntnu.edu/studies/courses/IT2901#tab=omEmnet}
}


@book{adams1995hitchhiker,
  title={The Hitchhiker's Guide to the Galaxy},
  author={Adams, D.},
  isbn={9781417642595},
  url={http://books.google.com/books?id=W-xMPgAACAAJ},
  year={1995},
  publisher={San Val}
}
